% Encoding: UTF-8

@InProceedings{Tsakanian2014,
  author    = {A.V. Tsakanian and others},
  booktitle = {Proceedings of IPAC2014, Dresden, Germany},
  title     = {{AREAL} {S}olenoid, {D}ipole and {S}teering {M}agnets {D}esign and {P}erformance},
  doi       = {https://doi.org/10.18429/JACoW-IPAC2014-TUPRO078},
  isbn      = {978-3-95450-132-8},
  language  = {english},
  note      = {https://doi.org/10.18429/JACoW-IPAC2014-TUPRO078},
  number    = {5},
  pages     = {1223--1225},
  publisher = {JACoW},
  series    = {International Particle Accelerator Conference},
  url       = {http://jacow.org/ipac2014/papers/tupro078.pdf},
  venue     = {Dresden, Germany},
  address   = {Geneva, Switzerland},
  keywords  = {dipole, solenoid, electron, simulation, magnet-design},
  month     = {July},
  paper     = {TUPRO078},
  year      = {2014},
}

@MastersThesis{Disser,
  author      = {T. Gehrke},
  date        = {2013},
  institution = {Universität Hamburg},
  title       = {Design of Permanent Magnetic Solenoids for REGAE},
  location    = {Hamburg},
}

@InProceedings{Grigoryan2014,
  author    = {B. Grigoryan and others},
  booktitle = {Proceedings of IPAC2014, Dresden, Germany},
  title     = {{S}tatus of {AREAL} {RF} {P}hotogun {T}est {F}acility},
  doi       = {https://doi.org/10.18429/JACoW-IPAC2014-MOPRI017},
  isbn      = {978-3-95450-132-8},
  language  = {english},
  note      = {https://doi.org/10.18429/JACoW-IPAC2014-MOPRI017},
  number    = {5},
  pages     = {620--623},
  publisher = {JACoW},
  series    = {International Particle Accelerator Conference},
  url       = {http://jacow.org/ipac2014/papers/mopri017.pdf},
  venue     = {Dresden, Germany},
  address   = {Geneva, Switzerland},
  keywords  = {gun, electron, laser, operation, emittance},
  month     = {July},
  paper     = {MOPRI017},
  year      = {2014},
}

@Book{Egerton,
  author    = {R.F. Egerton and others},
  title     = {Physical principles of electron microscopy},
  publisher = {Springer},
  volume    = {56},
  year      = {2005},
}

@TechReport{a_optics,
  author      = {Rossbach, J and Schm{\"u}ser, P},
  institution = {P00011673},
  title       = {Basic course on accelerator optics},
  year        = {1993},
}

@InProceedings{Grigoryan2011,
  author    = {B. Grigoryan and others},
  booktitle = {Proceedings of IPAC2011, San Sebastián, Spain},
  date      = {2011},
  title     = {Advanced Research Electron Accelerator Laboratory Based on Photocathode RF Gun},
}

@WWW{repo,
  author = {A. Douginets and A. Yanovets},
  title  = {solensim project repository},
  url    = {https://github.com/adouge/solensim},
}

@WWW{scipyctr,
  title = {Documentation on SciPy's CTR implementation},
  url   = {https://docs.scipy.org/doc/scipy/reference/optimize.minimize-trustconstr.html},
}

@WWW{sqp,
  author = {Wikipedia},
  title  = {Sequential Quadratic Programming},
  url    = {https://en.wikipedia.org/wiki/Sequential_quadratic_programming},
}

@Comment{jabref-meta: databaseType:biblatex;}
